<?xml version="1.0" encoding="UTF-8"?><collection xmlns="http://www.loc.gov/MARC21/slim"><record><leader>00728nam--2200193-u-4500</leader><controlfield tag="001">000054399</controlfield><controlfield tag="002">20161230</controlfield><controlfield tag="005">20161230201051</controlfield><controlfield tag="008">111206s1000------------r-----000-0-rus-d</controlfield><datafield ind1=" " ind2=" " tag="040"><subfield code="a">IFIN-HH</subfield></datafield><datafield ind1=" " ind2=" " tag="041"><subfield code="a">fre</subfield></datafield><datafield ind1=" " ind2=" " tag="080"><subfield code="a">539.12.162.8(061.3)</subfield></datafield><datafield ind1="1" ind2=" " tag="110"><subfield code="a">Talinskii Politehniceskii Institut</subfield></datafield><datafield ind1="1" ind2="0" tag="245"><subfield code="a">Tezisi dokladov</subfield><subfield code="b">Sedimogo covesania-seminara zaveduyusih kafedrami i vedusi lektorov po obsei fizike vissih ucebnih zavedenii belorusskoi, litovskoi, latviiskoi, estonskoi ssr i kaliningradskoi oblasti rsfsr 29 ianvaria - 1 fevralia 1980</subfield></datafield><datafield ind1=" " ind2=" " tag="260"><subfield code="a">Talin</subfield><subfield code="b">Talinskii Politehniceskii Institut</subfield><subfield code="c">1980</subfield></datafield><datafield ind1=" " ind2=" " tag="300"><subfield code="a">2 VOLUME</subfield></datafield><datafield ind1="1" ind2=" " tag="787"><subfield code="a">Ceasti Vtoraia</subfield><subfield code="h">151p</subfield></datafield><datafield ind1=" " ind2=" " tag="852"><subfield code="a">47416</subfield><subfield code="c">539.12</subfield></datafield><datafield ind1=" " ind2=" " tag="CAT"><subfield code="a">Sys</subfield><subfield code="c">20111206</subfield><subfield code="h">170631</subfield></datafield></record></collection>